%% This BibTeX bibliography file was created using BibDesk.
%% https://bibdesk.sourceforge.io/

%% Created for Lincoln Colling at 2019-03-29 13:34:26 +0000


%% Saved with string encoding Unicode (UTF-8)

@article{Ranzini2009,
  title={Neural mechanisms of attentional shifts due to irrelevant spatial and numerical cues},
  author={Ranzini, Mariagrazia and Dehaene, Stanislas and Piazza, Manuela and Hubbard, Edward M},
  journal={Neuropsychologia},
  volume={47},
  number={12},
  pages={2615--2624},
  year={2009},
  doi={10.1016/j.neuropsychologia.2009.05.011}
}

@article{Salillas2008,
  title={Sensory and cognitive processes of shifts of spatial attention induced by numbers: an ERP study},
  author={Salillas, Elena and El Yagoubi, Radouane and Semenza, Carlo},
  journal={Cortex},
  volume={44},
  number={4},
  pages={406--413},
  year={2008},
  doi={10.1016/j.cortex.2007.08.006}
}



@article{Posner,
	Author = {Michael I Posner},
	Doi = {10.1080/00335558008248231},
	Journal = {Quarterly Journal of Experimental Psychology},
	Number = {1},
	Pages = {3--25},
	Title = {Orienting of attention},
	Volume = {32},
	Year = {1980},
	Bdsk-Url-1 = {https://doi.org/10.1080/00335558008248231}}

@article{McShane2016,
	Author = {Blakeley B McShane and David Gal},
	Date-Modified = {2019-03-29 13:33:15 +0000},
	Doi = {10.1287/mnsc.2015.2212},
	Journal = {Management Science},
	Number = {6},
	Pages = {1707--1718},
	Title = {Blinding us to the obvious? {The effect of statistical training on the evaluation of evidence}},
	Volume = {62},
	Year = {2016},
	Bdsk-Url-1 = {https://doi.org/10.1287/mnsc.2015.2212}}

@article{McShane2017,
	Author = {Blakeley B McShane and David Gal},
	Date-Modified = {2019-03-29 13:33:45 +0000},
	Doi = {10.1080/01621459.2017.1289846},
	Journal = {Journal of the American Statistical Association},
	Number = {519},
	Pages = {885--895},
	Title = {Statistical significance and the dichotomization of evidence},
	Volume = {112},
	Year = {2017},
	Bdsk-Url-1 = {https://doi.org/10.1080/01621459.2017.1289846}}

@article{Meehl1978,
	Author = {Meehl, P E},
	Doi = {10.1037/0022-006X.46.4.806},
	Journal = {Journal of Consulting and Clinical Psychology},
	Number = {4},
	Pages = {806--834},
	Title = {{Theoretical risks and tabular asterisks: Sir Karl, Sir Ronald, and the slow progress of soft psychology}},
	Volume = {46},
	Year = {1978},
	Bdsk-Url-1 = {https://doi.org/10.1037/0022-006X.46.4.806}}

@article{Cohen1994,
	Author = {Cohen, J},
	Doi = {10.1037/0003-066X.49.12.997},
	Journal = {American Psychologist},
	Pages = {997--1003},
	Title = {The earth is round (p < .05)},
	Volume = {49},
	Year = {1994},
	Bdsk-Url-1 = {https://doi.org/10.1037/0003-066X.49.12.997}}

@book{Gelman2003,
	Author = {Gelman, Andrew and Carlin, J. and Stern, H. and Rubin, D.},
	Publisher = {Chapman and Hall/CRC: Boca Raton, FL},
	Title = {Bayesian data analysis},
	Year = {2003}}

@article{Rozenboom,
	Author = {Rozenboom, W W},
	Doi = {10.1037/h0042040},
	Journal = {Psychological Bulletin},
	Number = {5},
	Pages = {416--428},
	Title = {The fallacy of the null hypothesis significance test},
	Volume = {57},
	Year = {1960},
	Bdsk-Url-1 = {https://doi.org/10.1037/h0042040}}

@article{McSBocHan16,
	Author = {Blakeley B McShane and Ulf B\"ockenholt and Karsten T. Hansen},
	Date-Added = {2019-01-30 10:02:17 -0600},
	Date-Modified = {2019-01-30 10:02:17 -0600},
	Doi = {10.1177/1745691616662243},
	Journal = {Perspectives on Psychological Science},
	Number = {5},
	Pages = {730-749},
	Title = {Adjusting for Publication Bias in Meta-Analysis: An Evaluation of Selection Methods and Some Cautionary Notes},
	Volume = {11},
	Year = {2016},
	Bdsk-Url-1 = {https://doi.org/10.1177/1745691616662243}}

@article{Zebine,
	Author = {Samar Zebian},
	Doi = {10.1163/1568537054068660},
	Journal = {Journal of Cognition and Culture},
	Number = {1--2},
	Pages = {165--190},
	Title = {Linkages between number concepts, spatial thinking, and directionality of writing: {The SNARC Effect and the REVERSE SNARC effect in English and Arabic monoliterates, biliterates, and illiterate Arabic speakers}},
	Volume = {5},
	Year = {2005},
	Bdsk-Url-1 = {https://doi.org/10.1163/1568537054068660}}

@article{Amrhein,
	Author = {V Amrhein and D Trafimow and S Greenland},
	Date-Modified = {2019-03-29 13:32:28 +0000},
	Doi = {10.1080/00031305.2018.1543137},
	Journal = {The American Statistican},
	Number = {sup1},
	Pages = {262--270},
	Title = {Inferential statistics as descriptive statistics: there is no replication crisis if we don't expect replication},
	Volume = {73},
	Year = {2019},
	Bdsk-Url-1 = {https://doi.org/10.7287/peerj.preprints.26857v4}}

@article{mcshane2019b,
	Author = {Blakeley B McShane and J L Tackett and Ulf B\"ockenholt and Andrew Gelman},
	Journal = {The American Statistican},
	Number = {sup1},
	Pages = {99--105},
	Title = {Large scale replication projects in contemporary psychological research},
	Volume = {73},
	Year = {2019},
	doi = {10.1080/00031305.2018.1505655}}

@article{AmrheinGreendlandMcShane,
	Author = {V Amrhein and S Greenland and Blakeley B McShane},
	Journal = {Nature},
	Number = {567},
	Pages = {305--307},
	Title = {Retire statistical significance},
	Volume = {7748},
	Year = {2019},
	doi={10.1038/d41586-019-00857-9}}

@article{Wasserstein,
	Author = {Wasserstein, R.L. and Schirm, A.L. and Lazar, N.A.},
	Journal = {The American Statistican},
	Number = {sup1},
	Pages = {1--19},
	Title = {Moving to a world beyond p < 0.05.},
	Volume = {73},
	Year = {2019},
	doi = {10.1080/00031305.2019.1583913}}

@incollection{Landy:2008,
	Address = {Austin, TX},
	Author = {Landy, D. H. and Jones, E. I. and Hummel, J. E.},
	Booktitle = {Proceedings of the 30th Annual Conference of the Cognitive Science Society},
	Pages = {257--362},
	Title = {Why spatial-numerical associations aren't evidence for a mental number line},
	Year = {2008}}

@article{Santens:2008,
	Author = {Seppe Santens and Wim Gevers},
	Doi = {10.1016/j.cognition.2008.01.002},
	Journal = {Cognition},
	Number = {1},
	Pages = {263-270},
	Title = {The {SNARC} effect does not imply a mental number line},
	Volume = {108},
	Year = {2008},
	Bdsk-Url-1 = {https://doi.org/10.1016/j.cognition.2008.01.002}}

@article{Gevers:2006model,
	Author = {Gevers, Wim and Verguts, T. and Reynvoet, B. and Vaessens, B. and Fias, W.},
	Doi = {10.1037/0096-1523.32.1.32},
	Journal = {Journal of Experimental Psychology: Human Perception and Performance},
	Number = {1},
	Pages = {32--44},
	Title = {Numbers and space: {A computational model of the SNARC effect}},
	Volume = {32},
	Year = {2006},
	Bdsk-Url-1 = {https://doi.org/10.1037/0096-1523.32.1.32}}

@article{PecherBoot:2011,
	Author = {Diane Pecher and Inge Boot},
	Doi = {10.3389/fpsyg.2011.00121},
	Journal = {Frontiers in Psychology},
	Number = {121},
	Title = {Numbers in space: differences between concrete and abstract situtations},
	Volume = {2},
	Year = {2011},
	Bdsk-Url-1 = {https://doi.org/10.3389/fpsyg.2011.00121}}

@article{Wood:2008rev,
	Author = {Wood, G. and Willmes, K. and Nuerk, H-C and Fischer, M. H.},
	Journal = {Psychology Science},
	Number = {4},
	Pages = {489--525},
	Title = {On the cognitive link between space and number: a meta-analysis of the {SNARC} effect},
	Volume = {50},
	Year = {2008}}

@article{Toomarian:2018rev,
	Author = {Toomarian, E. Y. and Hubbard, E. M.},
	Doi = {10.1016/j.neubiorev.2018.04.010},
	Journal = {Neuroscience and Biobehavioural Reviews},
	Pages = {184--199},
	Title = {On the genesis of spatial-numerical associations: {Evolutionary} factors co-construct the mental number line},
	Volume = {90},
	Year = {2018},
	Bdsk-Url-1 = {https://doi.org/10.1016/j.neubiorev.2018.04.010}}

@article{CollingSzucs,
	Author = {Colling, Lincoln John and Sz{\H u}cs, D{\'e}nes},
	Doi = {10.1007/s13164-018-0421-4},
	Journal = {Review of Philosophy and Psychology},
	Pages = {1--27},
	Title = {Statistical inference and the replication crisis},
	Year = {2018},
	Bdsk-Url-1 = {https://doi.org/10.1007/s13164-018-0421-4}}

@article{Lakens:2017,
	Author = {Lakens, Daniel},
	Doi = {10.1177/1948550617697177},
	Journal = {Social Psychological and Personality Science},
	Number = {4},
	Pages = {355-362},
	Title = {Equivalence Tests: {A} Practical Primer for t Tests, Correlations, and Meta-Analyses},
	Volume = {8},
	Year = {2017},
	Bdsk-Url-1 = {https://doi.org/10.1177/1948550617697177}}

@article{mcshane2017abandon,
	Author = {Blakeley B McShane and David Gal and Andrew Gelman and Christian Robert and Jennifer L Tackett},
	Date-Modified = {2019-03-29 13:34:22 +0000},
	Journal = {arXiv},
	Number = {1709.07588},
	Title = {Abandon statistical significance},
	Year = {2017}}

@article{mcshane2019,
	Author = {Blakeley B McShane and David Gal and Andrew Gelman and Christian Robert and Jennifer L Tackett},
	Date-Modified = {2019-03-29 13:34:26 +0000},
	Journal = {American Statistician},
	Number = {sup1},
	Pages = {235--245},
	Title = {Abandon statistical significance},
	Volume = {73},
	Year = {2019},
	doi = {10.1080/00031305.2018.1527253}}

@article{Dienes:2014non,
	Author = {Dienes, Zoltan},
	Doi = {10.3389/fpsyg.2014.00781},
	Journal = {Frontiers in Psychology},
	Number = {781},
	Title = {Using Bayes to get the most out of non-significant results},
	Volume = {5},
	Year = {2014},
	Bdsk-Url-1 = {https://doi.org/10.3389/fpsyg.2014.00781}}

@article{Wagenmakers:2007bg,
	Author = {Wagenmakers, Eric-Jan},
	Doi = {10.3758/BF03194105},
	Journal = {Psychonomic Bulletin {\&} Review},
	Number = {5},
	Pages = {779--804},
	Title = {{A practical solution to the pervasive problems of p values}},
	Year = {2007},
	Bdsk-Url-1 = {https://doi.org/10.3758/BF03194105}}

@incollection{Mayo:2011wm,
	Address = {Oxford, UK},
	Author = {Mayo, Deborah G and Spanos, A},
	Booktitle = {Philosophy of Statistics},
	Editor = {Bandyopadhyay, Prasanta S and Forster, Malcom R},
	Publisher = {Elsevier},
	Title = {{Error Statistics}},
	Year = {2011}}

@book{Mayo:1996xx,
	Address = {Chicago},
	Author = {Mayo, Deborah G},
	Publisher = {University of Chicago Press},
	Title = {{Error and the growth of experimental knowledge}},
	Year = {1996}}

@article{Rouder:2009ij,
	Author = {Rouder, Jeffrey N and Speckman, Paul L and Sun, Dongchu and Morey, Richard D and Iverson, Geoffrey},
	Doi = {10.3758/PBR.16.2.225},
	Journal = {Psychonomic Bulletin {\&} Review},
	Number = {2},
	Pages = {225--237},
	Title = {{Bayesian t tests for accepting and rejecting the null hypothesis}},
	Volume = {16},
	Year = {2009},
	Bdsk-Url-1 = {https://doi.org/10.3758/PBR.16.2.225}}

@article{JYA,
	Author = {Lakens, Daniel and Adolfi, Federico G and Albers, Casper J and Anvari, Farid and Apps, Matthew AJ and Argamon, Shlomo E and Baguley, Thom and Becker, Raymond B and Benning, Stephen D and Bradford, Daniel E and Buchanan, Erin M and Caldwell, Aaron R and Calster, Ben and Carlsson, Rickard and Chen, Sau-Chin and Chung, Bryan and Colling, Lincoln J and Collins, Gary S and Crook, Zander and Cross, Emily S and Daniels, Sameera and Danielsson, Henrik and DeBruine, Lisa and Dunleavy, Daniel J and Earp, Brian D and Feist, Michele I and Ferrell, Jason D and Field, James G and Fox, Nicholas W and Friesen, Amanda and Gomes, Caio and Gonzalez-Marquez, Monica and Grange, James A and Grieve, Andrew P and Guggenberger, Robert and Grist, James and Harmelen, Anne-Laura and Hasselman, Fred and Hochard, Kevin D and Hoffarth, Mark R and Holmes, Nicholas P and Ingre, Michael and Isager, Peder M and Isotalus, Hanna K and Johansson, Christer and Juszczyk, Konrad and Kenny, David A and Khalil, Ahmed A and Konat, Barbara and Lao, Junpeng and Larsen, Erik Gahner and Lodder, Gerine MA and Lukavsk{\'y}, Ji{\v r}{\'\i} and Madan, Christopher R and Manheim, David and Martin, Stephen R and},
	Doi = {10.1038/s41562-018-0311-x},
	Journal = {Nature Human Behaviour},
	Pages = {168--171},
	Title = {Justify your alpha},
	Volume = {2},
	Year = {2018},
	Bdsk-Url-1 = {https://doi.org/10.1038/s41562-018-0311-x}}

@article{Neyman:1933ff,
	Author = {Neyman, J and Pearson, E S},
	Doi = {10.1098/rsta.1933.0009},
	Journal = {Philosophical Transactions of the Royal Society A: Mathematical, Physical and Engineering Sciences},
	Number = {694-706},
	Pages = {289--337},
	Title = {{On the Problem of the Most Efficient Tests of Statistical Hypotheses}},
	Volume = {231},
	Year = {1933},
	Bdsk-Url-1 = {https://doi.org/10.1098/rsta.1933.0009}}

@article{Fischer2011em,
	Author = {Fischer, M. H. and Brugger, P},
	Doi = {10.3389/fpsyg.2011.00260},
	Journal = {Frontiers in Psychology},
	Pages = {260},
	Title = {When digits help digits: spatial-numerical associations point to finger counting as prime example of embodied cognition.},
	Volume = {2},
	Year = {2011},
	Bdsk-Url-1 = {https://doi.org/10.3389/fpsyg.2011.00260}}

@article{Williams2018,
	Author = {Williams, Daniel and Colling, Lincoln John},
	Doi = {10.1007/s11229-017-1578-6},
	Journal = {Synthese},
	Number = {5},
	Pages = {1941--1967},
	Title = {From symbols to icons: The return of resemblance in the cognitive neuroscience revolution},
	Volume = {195},
	Year = {2018},
	Bdsk-Url-1 = {https://doi.org/10.1007/s11229-017-1578-6}}

@article{Gladzijewski2017,
	Author = {G{\l}adziejewski, Pawe{\l} and Mi{\l}kowski, Marcin},
	Doi = {10.1007/s10539-017-9562-6},
	Journal = {Biology \& philosophy},
	Number = {3},
	Pages = {337--355},
	Title = {Structural representations: Causally relevant and different from detectors},
	Volume = {32},
	Year = {2017},
	Bdsk-Url-1 = {https://doi.org/10.1007/s10539-017-9562-6}}

@article{Wilson2002six,
	Author = {Wilson, Margaret},
	Doi = {10.3758/BF03196322},
	Journal = {Psychonomic bulletin \& review},
	Number = {4},
	Pages = {625--636},
	Title = {Six views of embodied cognition},
	Volume = {9},
	Year = {2002},
	Bdsk-Url-1 = {https://doi.org/10.3758/BF03196322}}

@article{Newell1976,
	Author = {Newell, A. and Simon, H.},
	Doi = {10.1145/360018.360022},
	Journal = {Communications of the ACM},
	Number = {3},
	Pages = {113--126},
	Title = {Computer science as empirical inquiry: Symbols and search},
	Volume = {19},
	Year = {1976},
	Bdsk-Url-1 = {https://doi.org/10.1145/360018.360022}}

@book{Fodor1975,
	Address = {Cambridge, MA},
	Author = {Fodor, J. A.},
	Publisher = {Harvard Unvieristy Press},
	Title = {The Language of Thought},
	Year = {1975}}

@article{Aki74,
	Author = {Hirotugu Akaike},
	Doi = {10.1109/TAC.1974.1100705},
	Journal = {IEEE Transactions on Automatic Control},
	Number = {6},
	Pages = {716--723},
	Title = {A new look at the statistical model identification},
	Volume = {19},
	Year = {1974},
	Bdsk-Url-1 = {https://doi.org/10.1109/TAC.1974.1100705}}

@article{McSBoc18,
	Author = {Blakeley B McShane and Ulf B\"ockenholt},
	Date-Added = {2018-02-22 15:52:34 +0000},
	Date-Modified = {2018-02-22 15:52:34 +0000},
	Doi = {10.1007/s11336-017-9571-z},
	Journal = {Psychometrika},
	Number = {1},
	Pages = {255-271},
	Title = {Multilevel Multivariate Meta-analysis with Application to Choice Overload},
	Volume = {83},
	Year = {2018},
	Bdsk-Url-1 = {https://doi.org/10.1007/s11336-017-9571-z}}

@article{Fias:1996ms,
	Author = {Fias, Wim and Brysbaert, Marc and Geypens, Frank and {d'Ydewalle}, G{\'e}ry},
	Doi = {10.1080/135467996387552},
	Journal = {Mathematical Cognition},
	Number = {1},
	Pages = {95--110},
	Title = {The importance of magnitude information in numerical processing: {Evidence from the SNARC effect}},
	Volume = {2},
	Year = {1996},
	Bdsk-Url-1 = {https://doi.org/10.1080/135467996387552}}

@article{Galton:1880na,
	Author = {Francis Galton},
	Doi = {10.1038/021252a0},
	Journal = {Nature},
	Pages = {252--256},
	Title = {Visualised numerals},
	Volume = {21},
	Year = {1880},
	Bdsk-Url-1 = {https://doi.org/10.1038/021252a0}}

@article{Restle:1970km,
	Author = {Restle, Frank},
	Doi = {10.1037/h0028573},
	Journal = {Journal of Experimental Psychology},
	Number = {2, Pt.1},
	Pages = {274--278},
	Title = {Speed of adding and comparing numbers},
	Volume = {83},
	Year = {1970},
	Bdsk-Url-1 = {https://doi.org/10.1037/h0028573}}

@article{Dehaene:1990jy,
	Author = {Dehaene, Stanislas and Dupoux, Emmanuel and Mehler, Jacques},
	Doi = {10.1037//0096-1523.16.3.626},
	Journal = {Journal of Experimental Psychology: Human Perception and Performance},
	Number = {3},
	Pages = {626--641},
	Title = {{Is numerical comparison digital? Analogical and symbolic effects in two-digit number comparison.}},
	Volume = {16},
	Year = {1990},
	Bdsk-Url-1 = {https://doi.org/10.1037//0096-1523.16.3.626}}

@article{Dehaene:1993fc,
	Author = {Dehaene, Stanislas and Bossini, Serge and Giraux, Pascal},
	Doi = {10.1037//0096-3445.122.3.371},
	Journal = {Journal of Experimental Psychology: General},
	Number = {3},
	Pages = {371--396},
	Title = {{The mental representation of parity and number magnitude.}},
	Volume = {122},
	Year = {1993},
	Bdsk-Url-1 = {https://doi.org/10.1037//0096-3445.122.3.371}}

@article{Woods:2006cp,
	Author = {Wood, G. and Nuerk, Hans-Christoph and Willmes, Klaus},
	Doi = {10.1016/S0010-9452(08)70219-3},
	Journal = {Cortex},
	Language = {English},
	Pages = {1069--1079},
	Title = {{Crossed Hands and the Snarc Effect: A failure to Replicate Dehaene, Bossini and Giraux (1993)}},
	Volume = {8},
	Year = {2006},
	Bdsk-Url-1 = {https://doi.org/10.1016/S0010-9452(08)70219-3}}

@article{Muller:2006fs,
	Author = {M{\"u}ller, Dana and Schwarz, Wolf},
	Doi = {10.1007/s00426-006-0070-6},
	Journal = {Psychological Research},
	Number = {5},
	Pages = {598--613},
	Title = {{Exploring the mental number line: evidence from a dual-task paradigm}},
	Volume = {71},
	Year = {2006},
	Bdsk-Url-1 = {https://doi.org/10.1007/s00426-006-0070-6}}

@article{Keus:2005ho,
	Author = {Keus, Inge Martine and Schwarz, Wolf},
	Doi = {10.3758/BF03195335},
	Journal = {Memory {\&} Cognition},
	Number = {4},
	Pages = {681--695},
	Title = {{Searching for the functional locus of the SNARC effect: Evidence for a response-related origin}},
	Volume = {33},
	Year = {2005},
	Bdsk-Url-1 = {https://doi.org/10.3758/BF03195335}}

@article{Keus:2005jh,
	Author = {Keus, Inge Martine and Jenks, Kathleen Marie and Schwarz, Wolf},
	Doi = {10.1016/j.cogbrainres.2004.12.005},
	Journal = {Cognitive Brain Research},
	Number = {1},
	Pages = {48--56},
	Title = {{Psychophysiological evidence that the SNARC effect has its functional locus in a response selection stage}},
	Volume = {24},
	Year = {2005},
	Bdsk-Url-1 = {https://doi.org/10.1016/j.cogbrainres.2004.12.005},
	Bdsk-Url-2 = {https://doi.org/10.1016/j.cogbrainres.2004.12.005}}

@article{Daar:2008fo,
	Author = {Daar, M and Pratt, Jay},
	Doi = {10.1016/j.cortex.2007.12.003},
	Journal = {Cortex},
	Language = {English},
	Month = apr,
	Number = {4},
	Pages = {400--405},
	Title = {{Digits affect actions: The SNARC effect and response selection}},
	Url = {http://linkinghub.elsevier.com/retrieve/pii/ S0010945207000822},
	Volume = {44},
	Year = {2008},
	Bdsk-Url-1 = {http://linkinghub.elsevier.com/retrieve/pii/%20S0010945207000822},
	Bdsk-Url-2 = {https://doi.org/10.1016/j.cortex.2007.12.003}}

@article{Proctor:2006jv,
	Author = {Proctor, Robert W and Cho, Yang Seok},
	Doi = {10.1037/0033-2909.132.3.416},
	Journal = {Psychological Bulletin},
	Language = {English},
	Number = {3},
	Pages = {416--442},
	Title = {{Polarity correspondence: A general principle for performance of speeded binary classification tasks.}},
	Volume = {132},
	Year = {2006},
	Bdsk-Url-1 = {https://doi.org/10.1037/0033-2909.132.3.416}}

@article{Bachtold:1998,
	Author = {B{\"a}chtold, Daniel and Baum{\"u}ller, Martin and Brugger, Peter},
	Doi = {10.1016/S0028-3932(98)00002-5},
	Journal = {Neuropsychologia},
	Number = {8},
	Pages = {731--735},
	Title = {{Stimulus-response compatibility in representational space}},
	Volume = {36},
	Year = {1998},
	Bdsk-Url-1 = {https://doi.org/10.1016/S0028-3932(98)00002-5}}

@article{Gevers:2003je,
	Author = {Gevers, Wim and Reynvoet, Bert and Fias, Wim},
	Doi = {10.1016/S0010-0277(02)00234-2},
	Journal = {Cognition},
	Number = {3},
	Pages = {B87--B95},
	Title = {{The mental representation of ordinal sequences is spatially organized}},
	Volume = {87},
	Year = {2003},
	Bdsk-Url-1 = {https://doi.org/10.1016/S0010-0277(02)00234-2}}

@article{Gevers:2004gj,
	Author = {Gevers, Wim and Reynvoet, Bert and Fias, Wim},
	Doi = {10.1016/S0010-9452(08)70938-9},
	Journal = {Cortex},
	Language = {English},
	Number = {1},
	Pages = {171--172},
	Title = {{The Mental Representation of Ordinal Sequences is Spatially Organised: Evidence from Days of the Week}},
	Volume = {40},
	Year = {2004},
	Bdsk-Url-1 = {https://doi.org/10.1016/S0010-9452(08)70938-9}}

@article{vanDijck:2011kk,
	Author = {{van Dijck}, Jean-Philippe and Fias, Wim},
	Doi = {10.1016/j.cognition.2010.12.013},
	Journal = {Cognition},
	Language = {English},
	Number = {1},
	Pages = {114--119},
	Title = {{A working memory account for spatial{\textendash}numerical associations}},
	Volume = {119},
	Year = {2011},
	Bdsk-Url-1 = {https://doi.org/10.1016/j.cognition.2010.12.013}}

@article{Fischer:2003ju,
	Author = {Fischer, M. H. and Castel, Alan D and Dodd, Michael D and Pratt, Jay},
	Doi = {10.1038/nn1066},
	Journal = {Nature Neuroscience},
	Month = jun,
	Number = {6},
	Pages = {555--556},
	Title = {{Perceiving numbers causes spatial shifts of attention}},
	Volume = {6},
	Year = {2003},
	Bdsk-Url-1 = {https://doi.org/10.1038/nn1066}}

@article{Eriksen:1974hp,
	Author = {Eriksen, Charles W and Hoffman, James E},
	Doi = {10.3758/BF03334301},
	Journal = {Bulletin of the Psychonomic Society},
	Language = {English},
	Number = {6},
	Pages = {587--589},
	Title = {{Selective attention: Noise suppression or signal enhancement?}},
	Volume = {4},
	Year = {1974},
	Bdsk-Url-1 = {https://doi.org/10.3758/BF03334301}}

@article{Oonk:1998bo,
	Author = {Oonk, Heather M and Abrams, Richard A},
	Doi = {10.3758/BF03208830},
	Journal = {Psychonomic Bulletin {\&} Review},
	Language = {English},
	Number = {3},
	Pages = {510--515},
	Title = {{New perceptual objects that capture attention produce inhibition of return}},
	Volume = {5},
	Year = {1998},
	Bdsk-Url-1 = {https://doi.org/10.3758/BF03208830}}

@article{Frischen:2007kj,
	Author = {Frischen, Alexandra and Bayliss, Andrew P and Tipper, Steven P},
	Doi = {10.1037/0033-2909.133.4.694},
	Journal = {Psychological Bulletin},
	Language = {English},
	Number = {4},
	Pages = {694--724},
	Title = {{Gaze cueing of attention: Visual attention, social cognition, and individual differences.}},
	Volume = {133},
	Year = {2007},
	Bdsk-Url-1 = {https://doi.org/10.1037/0033-2909.133.4.694}}

@article{BaronCohen:1994up,
	Author = {Baron-Cohen, Simon},
	Journal = {Current Psychology of Cognition},
	Title = {{How to build a baby that can read minds: Cognitive mechanisms in mindreading.}},
	Year = {1994}}

@article{Hommel:2001bh,
	Author = {Hommel, Bernhard and Pratt, Jay and Colzato, Lorenza and Godijn, Richard},
	Doi = {10.1111/1467-9280.00367},
	Journal = {Psychological science},
	Language = {English},
	Number = {5},
	Pages = {360--365},
	Title = {{Symbolic Control of Visual Attention}},
	Volume = {12},
	Year = {2001},
	Bdsk-Url-1 = {https://doi.org/10.1111/1467-9280.00367}}

@book{Lakoff:1980ts,
	Address = {Chicago, IL},
	Author = {Lakoff, George and Johnson, M},
	Publisher = {University of Chicago Press},
	Title = {{Metaphors we live by}},
	Year = {1980}}

@book{Lakoff:1999wg,
	Address = {New York, NY},
	Author = {Lakoff, George and Johnson, M},
	Date-Modified = {2018-04-25 14:32:46 +0000},
	Publisher = {Basic Books},
	Title = {{Philosophy in the flesh: The embodied mind and its challenge to western thought}},
	Year = {1999}}

@article{Galfano:2006cu,
	Author = {Galfano, Giovanni and Rusconi, Elena and Umilt{\`a}, Carlo},
	Doi = {10.3758/BF03194011},
	Journal = {Psychonomic Bulletin {\&} Review},
	Number = {5},
	Pages = {869--874},
	Title = {{Number magnitude orients attention, but not against one's will}},
	Volume = {13},
	Year = {2006},
	Bdsk-Url-1 = {https://doi.org/10.3758/BF03194011}}

@article{Dodd:2008dv,
	Author = {Dodd, Michael D and {Van der Stigchel}, Stefan and Leghari, M Adil and Fung, Gery and Kingstone, Alan},
	Doi = {10.1016/j.cognition.2008.04.006},
	Journal = {Cognition},
	Number = {3},
	Pages = {810--818},
	Title = {{Attentional SNARC: There's something special about numbers (let us count the ways)}},
	Volume = {108},
	Year = {2008},
	Bdsk-Url-1 = {https://doi.org/10.1016/j.cognition.2008.04.006}}

@article{Ristic:2006cr,
	Author = {Ristic, Jelena and Wright, Alissa and Kingstone, Alan},
	Doi = {10.3758/BF03194010},
	Journal = {Psychonomic Bulletin {\&} Review},
	Number = {5},
	Pages = {862--868},
	Title = {{The number line effect reflects top-down control}},
	Volume = {13},
	Year = {2006},
	Bdsk-Url-1 = {https://doi.org/10.3758/BF03194010}}


@article{Ristic:2006QJEP,
  author  = {Ristic, Jelena and Kingstone, Alan},
  title   = {Attention to arrows: pointing to a new direction},
  year    = {2006},
  journal = {Quarterly Journal of Experimental Psychology},
	volume = {69},
  number  = {11},
  pages   = {1921--1930},
	doi = {10.1080/17470210500416367}}

@article{Fattorini2015,
  author  = {Fattorini, Enrico and Pinto, Mario and Rotondaro, Francesca and Doricchi, Fabrizio},
  title   = {Perceiving numbers does not cause automatic shifts of spatial attention},
  year    = {2015},
  journal = {Cortex},
	volume = {73},
	pages = {298--316},
	doi = {10.1016/j.cortex.2015.09.007}
}

@article{vanDijck2014,
  author  = {{van Dijck}, Jean-Philippe and Abrahamse, Elger L and Acar, Freya and Ketels, Boris, and Fias, Wim},
  title   = {A working memory account of the interaction between number and spatial attention},
  year    = {2014},
  journal = {Quarterly Journal of Experimental Psychology},
  volume  = {67},
  number  = {8},
	pages = {1500-1513},
	doi = {10.1080/17470218.2014.903984}
}



@article{Zanolie:2014jr,
	Author = {Zanolie, Kiki and Pecher, Diane},
	Doi = {10.3389/fpsyg.2014.00987},
	Journal = {Frontiers in Psychology},
	Number = {e85048},
	Pages = {667},
	Publisher = {Frontiers},
	Title = {{Number-induced shifts in spatial attention: a replication study}},
	Volume = {5},
	Year = {2014},
	Bdsk-Url-1 = {https://doi.org/10.3389/fpsyg.2014.00987}}

@article{Fischer:2014kz,
	Author = {Fischer, M. H. and Knops, Andr{\'e}},
	Doi = {10.3389/fpsyg.2014.01381},
	Journal = {Frontiers in Psychology},
	Language = {English},
	Number = {325},
	Pages = {426},
	Title = {{Attentional cueing in numerical cognition}},
	Volume = {5},
	Year = {2014},
	Bdsk-Url-1 = {https://doi.org/10.3389/fpsyg.2014.01381}}

@article{Fischer:2008bv,
	Author = {Fischer, M. H.},
	Doi = {10.1016/j.cortex.2007.08.004},
	Journal = {Cortex},
	Language = {English},
	Month = apr,
	Number = {4},
	Pages = {386--392},
	Title = {{Finger counting habits modulate spatial-numerical associations}},
	Volume = {44},
	Year = {2008},
	Bdsk-Url-1 = {https://doi.org/10.1016/j.cortex.2007.08.004}}

@article{Shaki:2009ch,
	Author = {Shaki, Samuel and Fischer, M. H. and Petrusic, William M},
	Doi = {10.3758/PBR.16.2.328},
	Journal = {Psychonomic Bulletin {\&} Review},
	Number = {2},
	Pages = {328--331},
	Title = {{Reading habits for both words and numbers contribute to the SNARC effect}},
	Volume = {16},
	Year = {2009},
	Bdsk-Url-1 = {https://doi.org/10.3758/PBR.16.2.328}}

@article{Fischer:2006er,
	Author = {Fischer, M. H.},
	Doi = {10.1016/S0010-9452(08)70218-1},
	Journal = {Cortex},
	Language = {English},
	Number = {8},
	Pages = {1066--1068},
	Title = {{The Future for Snarc Could Be Stark{\ldots}}},
	Volume = {42},
	Year = {2006},
	Bdsk-Url-1 = {https://doi.org/10.1016/S0010-9452(08)70218-1}}

@article{Georges:2016gn,
	Author = {Georges, Carrie and Hoffmann, Danielle and Schiltz, Christine},
	Doi = {10.3389/fpsyg.2016.01401},
	Journal = {Frontiers in Psychology},
	Number = {33},
	Pages = {143},
	Title = {{How Math Anxiety Relates to Number--Space Associations}},
	Volume = {7},
	Year = {2016},
	Bdsk-Url-1 = {https://doi.org/10.3389/fpsyg.2016.01401}}

@article{Lucidi:2014gn,
	Author = {Lucidi, Annalisa and Thevenot, Catherine},
	Doi = {10.3758/s13428-014-0447-1},
	Journal = {Behavior Research Methods},
	Number = {4},
	Pages = {1079--1087},
	Title = {{Do not count on me to imagine how I act: behavior contradicts questionnaire responses in the assessment of finger counting habits}},
	Volume = {46},
	Year = {2014},
	Bdsk-Url-1 = {https://doi.org/10.3758/s13428-014-0447-1}}

@article{Tibber:2013ho,
	Author = {Tibber, Marc S and Manasseh, Gemma S L and Clarke, Richard C and Gagin, Galina and Swanbeck, Sonja N and Butterworth, Brian and Lotto, R Beau and Dakin, Steven C},
	Doi = {10.1016/j.visres.2013.06.006},
	Journal = {Vision Research},
	Pages = {1--9},
	Title = {{Sensitivity to numerosity is not a unique visuospatial psychophysical predictor of mathematical ability}},
	Volume = {89},
	Year = {2013},
	Bdsk-Url-1 = {https://doi.org/10.1016/j.visres.2013.06.006}}

@book{Woodcock:1989ww,
	Address = {Chicago},
	Author = {Woodcock, R and Johnson, M},
	Publisher = {The Riverside Publishing Company},
	Title = {{Woodock Johnson—Revised-tests of academic achievement}},
	Year = {1989}}

@article{Hopko:2003et,
	Author = {Hopko, Derek R and Mahadevan, Rajan and Bare, Robert L and Hunt, Melissa K},
	Doi = {10.1177/1073191103252351},
	Journal = {Assessment},
	Number = {2},
	Pages = {178--182},
	Title = {{The abbreviated math anxiety scale (AMAS): Construction, validity, and reliability}},
	Volume = {10},
	Year = {2003},
	Bdsk-Url-1 = {https://doi.org/10.1177/1073191103252351}}

@article{Nicholls:2013ha,
	Author = {Nicholls, Michael E R and Thomas, Nicole A and Loetscher, Tobias and Grimshaw, Gina M},
	Doi = {10.1016/j.cortex.2013.02.002},
	Journal = {Cortex},
	Number = {10},
	Pages = {2914--2926},
	Title = {{The Flinders Handedness survey (FLANDERS): A brief measure of skilled hand preference}},
	Volume = {49},
	Year = {2013},
	Bdsk-Url-1 = {https://doi.org/10.1016/j.cortex.2013.02.002}}

@article{VEP,
	  author = {Nevell F Skuse and David Burke and Brain McKeon},
	  title = {Reproducibility of the visual evoked potential using a light-emitting diode stimulator},
	  year = {1984},
	  volume = {47},
	  pages = {623--629},
	  journal = {Journal of Neurology, Neurosurgery, and Psychiatry},
	  doi = {10.1136/jnnp.47.6.623}
	}


@article{ioannidis:eff,
	Author = {John P A Ioannidis},
	Doi = {10.1097/EDE.0b013e31818131e7},
	Journal = {Epidemiology},
	Number = {5},
	Pages = {640--648},
	Title = {Why most discovered true associations are inflated},
	Volume = {19},
	Year = {2008},
	Bdsk-Url-1 = {https://doi.org/10.1097/EDE.0b013e31818131e7}}

@article{Gelman:effect,
	Author = {Andrew Gelman and John Carlin},
	Doi = {10.1177/1745691614551642},
	Journal = {Perspectives in Psychological Science},
	Number = {6},
	Pages = {641-651},
	Title = {{Beyond power calculations: Assessing Type S (sign) and Type M (magnitude) errors}},
	Volume = {9},
	Year = {2014},
	Bdsk-Url-1 = {https://doi.org/10.1177/1745691614551642}}

@manual{R-base,
	Address = {Vienna, Austria},
	Author = {{R Core Team}},
	Organization = {R Foundation for Statistical Computing},
	Title = {R: A Language and Environment for Statistical Computing},
	Url = {https://www.R-project.org/},
	Year = {2018},
	Bdsk-Url-1 = {https://www.R-project.org/}}

@manual{R-bindrcpp,
	Author = {Kirill M{\"u}ller},
	Note = {R package version 0.2.2},
	Title = {bindrcpp: An 'Rcpp' Interface to Active Bindings},
	Url = {https://CRAN.R-project.org/package=bindrcpp},
	Year = {2018},
	Bdsk-Url-1 = {https://CRAN.R-project.org/package=bindrcpp}}

@article{R-checkmate,
	Author = {Michel Lang},
	Doi = {10.32614/RJ-2017-028},
	Journal = {The R Journal},
	Number = {1},
	Pages = {437--445},
	Title = {{checkmate}: Fast Argument Checks for Defensive R Programming},
	Volume = {9},
	Year = {2017}}

@manual{R-dplyr,
	Author = {Hadley Wickham and Romain Fran{\c c}ois and Lionel Henry and Kirill M{\"u}ller},
	Note = {R package version 0.7.6},
	Title = {dplyr: A Grammar of Data Manipulation},
	Url = {https://CRAN.R-project.org/package=dplyr},
	Year = {2018},
	Bdsk-Url-1 = {https://CRAN.R-project.org/package=dplyr}}

@manual{R-forcats,
	Author = {Hadley Wickham},
	Note = {R package version 0.3.0},
	Title = {forcats: Tools for Working with Categorical Variables (Factors)},
	Url = {https://CRAN.R-project.org/package=forcats},
	Year = {2018},
	Bdsk-Url-1 = {https://CRAN.R-project.org/package=forcats}}

@manual{R-forestplot,
	Author = {Max Gordon and Thomas Lumley},
	Note = {R package version 1.7.2},
	Title = {forestplot: Advanced Forest Plot Using 'grid' Graphics},
	Url = {https://CRAN.R-project.org/package=forestplot},
	Year = {2017},
	Bdsk-Url-1 = {https://CRAN.R-project.org/package=forestplot}}

@book{R-ggplot2,
	Author = {Hadley Wickham},
	Isbn = {978-3-319-24277-4},
	Publisher = {Springer-Verlag New York},
	Title = {ggplot2: Elegant Graphics for Data Analysis},
	Url = {http://ggplot2.org},
	Year = {2016},
	Bdsk-Url-1 = {http://ggplot2.org}}

@manual{R-glue,
	Author = {Jim Hester},
	Note = {R package version 1.3.0},
	Title = {glue: Interpreted String Literals},
	Url = {https://CRAN.R-project.org/package=glue},
	Year = {2018},
	Bdsk-Url-1 = {https://CRAN.R-project.org/package=glue}}

@book{R-knitr,
	Address = {Boca Raton, Florida},
	Author = {Yihui Xie},
	Edition = {2nd},
	Publisher = {Chapman and Hall/CRC},
	Title = {Dynamic Documents with {R} and knitr},
	Year = {2015}}

@article{R-lme4,
	Author = {Douglas Bates and Martin M{\"a}chler and Ben Bolker and Steve Walker},
	Doi = {10.18637/jss.v067.i01},
	Journal = {Journal of Statistical Software},
	Number = {1},
	Pages = {1--48},
	Title = {Fitting Linear Mixed-Effects Models Using {lme4}},
	Volume = {67},
	Year = {2015},
	Bdsk-Url-1 = {https://doi.org/10.18637/jss.v067.i01}}

@manual{R-magick,
	Author = {Jeroen Ooms},
	Note = {R package version 1.9},
	Title = {magick: Advanced Graphics and Image-Processing in R},
	Url = {https://CRAN.R-project.org/package=magick},
	Year = {2018},
	Bdsk-Url-1 = {https://CRAN.R-project.org/package=magick}}

@manual{R-magrittr,
	Author = {Stefan Milton Bache and Hadley Wickham},
	Note = {R package version 1.5},
	Title = {magrittr: A Forward-Pipe Operator for R},
	Url = {https://CRAN.R-project.org/package=magrittr},
	Year = {2014},
	Bdsk-Url-1 = {https://CRAN.R-project.org/package=magrittr}}

@manual{R-Matrix,
	Author = {Douglas Bates and Martin Maechler},
	Note = {R package version 1.2-14},
	Title = {Matrix: Sparse and Dense Matrix Classes and Methods},
	Url = {https://CRAN.R-project.org/package=Matrix},
	Year = {2018},
	Bdsk-Url-1 = {https://CRAN.R-project.org/package=Matrix}}

@manual{R-nlme,
	Author = {Jose Pinheiro and Douglas Bates and Saikat DebRoy and Deepayan Sarkar and {R Core Team}},
	Note = {R package version 3.1-137},
	Title = {{nlme}: Linear and Nonlinear Mixed Effects Models},
	Url = {https://CRAN.R-project.org/package=nlme},
	Year = {2018},
	Bdsk-Url-1 = {https://CRAN.R-project.org/package=nlme}}

@manual{R-papaja,
	Author = {Frederik Aust and Marius Barth},
	Note = {R package version 0.1.0.9842},
	Title = {{papaja}: {Create} {APA} manuscripts with {R Markdown}},
	Url = {https://github.com/crsh/papaja},
	Year = {2018},
	Bdsk-Url-1 = {https://github.com/crsh/papaja}}

@manual{R-purrr,
	Author = {Lionel Henry and Hadley Wickham},
	Note = {R package version 0.2.5},
	Title = {purrr: Functional Programming Tools},
	Url = {https://CRAN.R-project.org/package=purrr},
	Year = {2018},
	Bdsk-Url-1 = {https://CRAN.R-project.org/package=purrr}}

@manual{R-pwr,
	Author = {Stephane Champely},
	Note = {R package version 1.2-2},
	Title = {pwr: Basic Functions for Power Analysis},
	Url = {https://CRAN.R-project.org/package=pwr},
	Year = {2018},
	Bdsk-Url-1 = {https://CRAN.R-project.org/package=pwr}}

@manual{R-R.matlab,
	Author = {Henrik Bengtsson},
	Note = {R package version 3.6.2},
	Title = {R.matlab: Read and Write MAT Files and Call MATLAB from Within R},
	Url = {https://CRAN.R-project.org/package=R.matlab},
	Year = {2018},
	Bdsk-Url-1 = {https://CRAN.R-project.org/package=R.matlab}}

@manual{R-readr,
	Author = {Hadley Wickham and Jim Hester and Romain Francois},
	Note = {R package version 1.1.1},
	Title = {readr: Read Rectangular Text Data},
	Url = {https://CRAN.R-project.org/package=readr},
	Year = {2017},
	Bdsk-Url-1 = {https://CRAN.R-project.org/package=readr}}

@manual{R-ReplicationProjectTools,
	Author = {Lincoln Colling},
	Note = {R package version 0.0.0.9000},
	Title = {ReplicationProjectTools: Fischer Replication Data Preprocessing Functions},
	Year = {2018}}

@manual{R-reticulate,
	Author = {JJ Allaire and Kevin Ushey and Yuan Tang},
	Note = {R package version 1.10},
	Title = {reticulate: Interface to 'Python'},
	Url = {https://CRAN.R-project.org/package=reticulate},
	Year = {2018},
	Bdsk-Url-1 = {https://CRAN.R-project.org/package=reticulate}}

@manual{R-stringr,
	Author = {Hadley Wickham},
	Note = {R package version 1.3.1},
	Title = {stringr: Simple, Consistent Wrappers for Common String Operations},
	Url = {https://CRAN.R-project.org/package=stringr},
	Year = {2018},
	Bdsk-Url-1 = {https://CRAN.R-project.org/package=stringr}}

@manual{R-tibble,
	Author = {Kirill M{\"u}ller and Hadley Wickham},
	Note = {R package version 1.4.2},
	Title = {tibble: Simple Data Frames},
	Url = {https://CRAN.R-project.org/package=tibble},
	Year = {2018},
	Bdsk-Url-1 = {https://CRAN.R-project.org/package=tibble}}

@manual{R-tidyr,
	Author = {Hadley Wickham and Lionel Henry},
	Note = {R package version 0.8.1},
	Title = {tidyr: Easily Tidy Data with 'spread()' and 'gather()' Functions},
	Url = {https://CRAN.R-project.org/package=tidyr},
	Year = {2018},
	Bdsk-Url-1 = {https://CRAN.R-project.org/package=tidyr}}

@manual{R-tidyverse,
	Author = {Hadley Wickham},
	Note = {R package version 1.2.1},
	Title = {tidyverse: Easily Install and Load the 'Tidyverse'},
	Url = {https://CRAN.R-project.org/package=tidyverse},
	Year = {2017},
	Bdsk-Url-1 = {https://CRAN.R-project.org/package=tidyverse}}

@manual{R-kableExtra,
	Author = {Hao Zhu},
	Note = {R package version 0.9.0},
	Title = {kableExtra: Construct Complex Table with 'kable' and Pipe Syntax},
	Url = {https://CRAN.R-project.org/package=kableExtra},
	Year = {2018},
	Bdsk-Url-1 = {https://CRAN.R-project.org/package=kableExtra}}

@Article{R-reshape2,
  title = {Reshaping Data with the {reshape} Package},
  author = {Hadley Wickham},
  journal = {Journal of Statistical Software},
  year = {2007},
  volume = {21},
  number = {12},
  pages = {1--20},
  url = {http://www.jstatsoft.org/v21/i12/},
}
